@article{1,
  author = {Annick Lesne and Jean-Luc Blanc and Laurent Pezard},
  title = {Entropy estimation of very short symbolic sequences},
  journal = {Physical Review},
  year = {2009},
  volume = {E 79, 046208},
  pages = {1-5},
}

@book{2,
    author = {Joy A. Thomas and Thomas M. Cover},
    title = {Elements of Information theory},
    publisher = {Wiley Interscience},
    year = {1991}
}

@article{3,
    author = {Yoshito Hirata and José María Amigó},
    title = {A review of symbolic dynamics and symbolic reconstruction of dynamical systems},
    journal = {Chaos},
    year = {2023}
}

@article{4,
    author = {Jan-Mathijs Schoffelen and Robert Oostenveld and Nietzsche H.L.Lam and Julia Uddén and Annika Hultén and Peter Hagoort},
    title = {A 204-subject multimodal neuroimaging dataset to study language processing},
    journal = {Scientific data},
    year = {2019}
}

@phdthesis{5,
    author = {Anne-Sophie Dubarry},
    title = {Linking neurophysiological data to cognitive functions: methodological developments and applications},
    school = {Laboratoire de Psychologie Cognitive, UMR7290},
    year = {2016}
}

@book{6,
    author = {Peter C. Hansen and Morten L. Kringelbach and Riitta Salmelin},
    title = {MEG : An introduction to methods},
    publisher = {Oxford},
    year = {2010}
}

@article{7,
    author = {Thomas Dupré La Tour and Thomas Moreau and Mainak Jas and Alexandre Gramfort},
    title = {Multivariate Convolutional Sparse Coding for Electromagnetic Brain Signals},
    journal = {arXiv},
    year = {2018}
}

@phdthesis{8,
    author = {Jean-Luc Blanc},
    title = {Transmission de l'information et complexité des activités de populations neuronales},
    school = {Laboratoire de Neurosciences Intégrative et adaptative},
    year = {2012}
}

@article{9,
    author = {F.H. Lopes da Silva and A. van Rotterdam and P. Barts and E. van Heusden and W. Burr},
    title = {Models of Neuronal Populations: The Basic Mechanisms of Rhythmicity},
    journal = {Progress in Brain Research},
    year = {2005}
}

@article{10,
    author = {Alan Jasanoff},
    title = {Bloodless fMRI},
    journal = {Trends in Neurosciences},
    year = {2007}
}

@article{11,
    author = {Matti Hämäläinen and Riitta Hari and Risto J. Ilmoniemi and Jukka Knuutila and Olli V. Lounasmaa},
    title = {Magnetoencephalography—theory, instrumentation, and applications to noninvasive studies of the working human brain},
    journal = {Reviews of Modern Physics},
    year = {1993}
}

@article{12,
    author = {Byoung-Kyong Min and Matthew J. Marzelli and Seung-Schik Yoo},
    title = {Neuroimaging-based approaches in the brain-computer interface},
    journal = {Trends Biotechnol},
    year = {2010}
}

@article{13,
    author = {Guiomar Niso and Laurens R. Krol and Etienne Combrisson and A. Sophie Dubarry and Madison A. Elliott and Clément François and Yseult Héjja-Brichard and Sophie K. Herbst and Karim Jerbi and Vanja Kovic and Katia Lehongre and Steven J.Luck and Manuel Mercier and John C.Mosher and Yuri G.Pavlov and Aina Puce and ANtonio Schettino and Daniele Schön and Walter Sinnott-Armstrong and Bertille Somon and Maximilien Chaumon},
    title = {Good scientific practice in EEG and MEG research: Progress and perspectives},
    journal = {NeuroImage},
    year = {2022}
}

@article{14,
    author = {Abir Hadriche and Laurent Pezard and Jean-Louis Nandrino and Hamadi Ghariani and Abdennaceur Kachouri and Viktor K.Jirsa},
    title = {Mapping the dynamic repertoire of the resting brain},
    journal = {NeuroImage},
    year = {2013}
}

@article{15,
author = {Abraham Lempel and Jacob Ziv},
title = {Transactions on Information Theory},
journal = {IEEE},
volume = {22},
year = {1976}
}

@article{16,
author = {Abraham Lempel and Jacob Ziv},
title = {Transactions on Information Theory},
journal = {IEEE},
volume = {24},
year = {1978}
}

@article{17,
  title = {{{MEG}} and {{EEG}} Data Analysis with {{MNE}}-{{Python}}},
  author = {Gramfort, Alexandre and Luessi, Martin and Larson, Eric and Engemann, Denis A. and Strohmeier, Daniel and Brodbeck, Christian and Goj, Roman and Jas, Mainak and Brooks, Teon and Parkkonen, Lauri and H{\"a}m{\"a}l{\"a}inen, Matti S.},
  year = {2013},
  volume = {7},
  pages = {1--13},
  doi = {10.3389/fnins.2013.00267},
  journal = {Frontiers in Neuroscience},
  number = {267}
}

@book{18,
title = {Théorie générale des systèmes dynamiques de la mécanique classique},
author = {Andreï KOLMOGOROV},
publisher = {Séminaire Janet. Mécanique analytique et mécanique céleste},
volume = {1},
year = {1958}
}

@book{19,
title = {L'estimation de la dimension d'un modèle},
author = {Gideon E. Schwarz},
publisher = {Annals of Statistics},
volume = {6},
year = {1978}
}

@book{20,
title = {Pattern Recognition and Machine Learning},
author = {Christofer M. Bishop},
publisher = {Springer},
year = {2006}
}

@article{21,
title = {A mathematical theory of communication},
author = {Claude E. Shannon},
year = {1948},
journal = {The Bell System Technical Journal},
volume = {27}
}

@article{22,
title = {Principes des tests d'hypothèse en statistique: alpha, beta et P},
author = {Bruno Riou, Paul Landais},
year = {1998},
journal = {Annales Françaises d'Anesthésie et de Réanimation},
volume = {17}
}
